@ARTICLE{Zhang21,
	author = {{Luo}, Jia-Wei and {Zhang}, Bing},
	title = "{A Significant Association Between CHIME Fast Radio Bursts and Low-Energy IceCube Neutrinos}",
	journal = {arXiv e-prints},
	keywords = {Astrophysics - High Energy Astrophysical Phenomena, High Energy Physics - Phenomenology},
	year = 2021,
	month = dec,
	eid = {arXiv:2112.11375},
	pages = {arXiv:2112.11375},
	archivePrefix = {arXiv},
	eprint = {2112.11375},
	primaryClass = {astro-ph.HE},
	adsurl = {https://ui.adsabs.harvard.edu/abs/2021arXiv211211375L},
	adsnote = {Provided by the SAO/NASA Astrophysics Data System}
}

@ARTICLE{ATNF,
	author = {{Manchester}, R.~N. and {Hobbs}, G.~B. and {Teoh}, A. and {Hobbs}, M.},
	title = "{The Australia Telescope National Facility Pulsar Catalogue}",
	journal = {\aj},
	keywords = {Catalogs, Stars: Pulsars: General, Astrophysics},
	year = 2005,
	month = apr,
	volume = {129},
	number = {4},
	pages = {1993-2006},
	doi = {10.1086/428488},
	archivePrefix = {arXiv},
	eprint = {astro-ph/0412641},
	primaryClass = {astro-ph},
	adsurl = {https://ui.adsabs.harvard.edu/abs/2005AJ....129.1993M},
	adsnote = {Provided by the SAO/NASA Astrophysics Data System}
}

@article{IceCubePWN,
	author = "Aartsen, M. G. and others",
	collaboration = "IceCube",
	title = "{IceCube Search for High-Energy Neutrino Emission from TeV Pulsar Wind Nebulae}",
	eprint = "2003.12071",
	archivePrefix = "arXiv",
	primaryClass = "astro-ph.HE",
	doi = "10.3847/1538-4357/ab9fa0",
	journal = "Astrophys. J.",
	volume = "898",
	number = "2",
	pages = "117",
	year = "2020"
}

@ARTICLE{Braun08,
	author = {{Braun}, Jim and {Dumm}, Jon and {De Palma}, Francesco and {Finley}, Chad and {Karle}, Albrecht and {Montaruli}, Teresa},
	title = "{Methods for point source analysis in high energy neutrino telescopes}",
	journal = {Astroparticle Physics},
	keywords = {Astrophysics},
	year = 2008,
	month = may,
	volume = {29},
	number = {4},
	pages = {299-305},
	doi = {10.1016/j.astropartphys.2008.02.007},
	archivePrefix = {arXiv},
	eprint = {0801.1604},
	primaryClass = {astro-ph},
	adsurl = {https://ui.adsabs.harvard.edu/abs/2008APh....29..299B},
	adsnote = {Provided by the SAO/NASA Astrophysics Data System}
}

@ARTICLE{Olinto,
	author = {{Kotera}, Kumiko and {Olinto}, Angela V.},
	title = "{The Astrophysics of Ultrahigh-Energy Cosmic Rays}",
	journal = {\araa},
	keywords = {Astrophysics - High Energy Astrophysical Phenomena, Astrophysics - Cosmology and Nongalactic Astrophysics},
	year = 2011,
	month = sep,
	volume = {49},
	number = {1},
	pages = {119-153},
	doi = {10.1146/annurev-astro-081710-102620},
	archivePrefix = {arXiv},
	eprint = {1101.4256},
	primaryClass = {astro-ph.HE},
	adsurl = {https://ui.adsabs.harvard.edu/abs/2011ARA&A..49..119K},
	adsnote = {Provided by the SAO/NASA Astrophysics Data System}
}

@ARTICLE{Reddy,
	author = {{Reddy Ch.}, Tarun Tej and {Desai}, Shantanu},
	title = "{Classification of pulsars using Extreme Deconvolution}",
	journal = "New Astronomy",
	keywords = {Radio pulsars, Classification, Extreme Deconvolution, Astrophysics - Instrumentation and Methods for Astrophysics, Astrophysics - High Energy Astrophysical Phenomena},
	year = 2022,
	month = feb,
	volume = {91},
	eid = {101673},
	pages = {101673},
	doi = {10.1016/j.newast.2021.101673},
	archivePrefix = {arXiv},
	eprint = {2011.03771},
	primaryClass = {astro-ph.IM},
	adsurl = {https://ui.adsabs.harvard.edu/abs/2022NewA...9101673R},
	adsnote = {Provided by the SAO/NASA Astrophysics Data System}
}


@article{IceCubeuhecr,
	author = "Albert, A. and others",
	collaboration = "IceCube, Pierre Auger, Telescope Array, Auger, ANTARES",
	title = "{Search for Spatial Correlations of Neutrinos with Ultra-high-energy Cosmic Rays}",
	eprint = "2201.07313",
	archivePrefix = "arXiv",
	primaryClass = "astro-ph.HE",
	doi = "10.3847/1538-4357/ac6def",
	journal = "Astrophys. J.",
	volume = "934",
	number = "2",
	pages = "164",
	year = "2022"
}
@article{Abbasi2021,
	author = "Abbasi, R. and others",
	collaboration = "IceCube",
	title = "{The IceCube high-energy starting event sample: Description and flux characterization with 7.5 years of data}",
	eprint = "2011.03545",
	archivePrefix = "arXiv",
	primaryClass = "astro-ph.HE",
	doi = "10.1103/PhysRevD.104.022002",
	journal = "Phys. Rev. D",
	volume = "104",
	pages = "022002",
	year = "2021"
}

@ARTICLE{Oyama,
	author = {{Oyama}, Yuichi},
	title = "{Evidence of High-energy Neutrinos from SN1987A by Kamiokande-II and IMB}",
	journal = {\apj},
	keywords = {Neutrino astronomy, 1100, High Energy Physics - Experiment, Astrophysics - High Energy Astrophysical Phenomena},
	year = 2022,
	month = feb,
	volume = {925},
	number = {2},
	eid = {166},
	pages = {166},
	doi = {10.3847/1538-4357/ac4269},
	archivePrefix = {arXiv},
	eprint = {2108.05347},
	primaryClass = {hep-ex},
	adsurl = {https://ui.adsabs.harvard.edu/abs/2022ApJ...925..166O},
	adsnote = {Provided by the SAO/NASA Astrophysics Data System}
}

@INPROCEEDINGS{Mikhailov,
	author = {{Mikhailov}, A.~A.},
	title = "{Are Pulsars as Ultrahigh Energy Cosmic Ray Sources?}",
	booktitle = {International Cosmic Ray Conference},
	year = 2008,
	series = {International Cosmic Ray Conference},
	volume = {4},
	month = jan,
	pages = {363-366},
	adsurl = {https://ui.adsabs.harvard.edu/abs/2008ICRC....4..363M},
	adsnote = {Provided by the SAO/NASA Astrophysics Data System}
}

@ARTICLE{Blandford92,
	author = {{Blandford}, R.~D.},
	title = "{Pulsars and Physics}",
	journal = {Philosophical Transactions of the Royal Society of London Series A},
	year = 1992,
	month = oct,
	volume = {341},
	number = {1660},
	pages = {177-192},
	doi = {10.1098/rsta.1992.0092},
	adsurl = {https://ui.adsabs.harvard.edu/abs/1992RSPTA.341..177B},
	adsnote = {Provided by the SAO/NASA Astrophysics Data System}
}

@BOOK{handbook,
	author = {{Lorimer}, D.~R. and {Kramer}, M.},
	title = "{Handbook of Pulsar Astronomy}",
	year = 2012,
	adsurl = {https://ui.adsabs.harvard.edu/abs/2012hpa..book.....L},
	adsnote = {Provided by the SAO/NASA Astrophysics Data System}
}

@ARTICLE{Acero,
	author = {{Acero}, F. and {Ackermann}, M. and {Ajello}, M. and {Albert}, A. and
	{Atwood}, W.~B. and {Axelsson}, M. and {Baldini}, L. and {Ballet}, J. and
	{Barbiellini}, G. and {Bastieri}, D. and {Belfiore}, A. and
	{Bellazzini}, R. and {Bissaldi}, E. and {Blandford}, R.~D. and
	{Bloom}, E.~D. and {Bogart}, J.~R. and {Bonino}, R. and
	{Bottacini}, E. and {Bregeon}, J. and {Britto}, R.~J. and {Bruel}, P. and
	{Buehler}, R. and {Burnett}, T.~H. and {Buson}, S. and {Caliand
	ro}, G.~A. and {Cameron}, R.~A. and {Caputo}, R. and {Caragiulo}, M. and
	{Caraveo}, P.~A. and {Casandjian}, J.~M. and {Cavazzuti}, E. and
	{Charles}, E. and {Chaves}, R.~C.~G. and {Chekhtman}, A. and
	{Cheung}, C.~C. and {Chiang}, J. and {Chiaro}, G. and {Ciprini}, S. and
	{Claus}, R. and {Cohen-Tanugi}, J. and {Cominsky}, L.~R. and
	{Conrad}, J. and {Cutini}, S. and {D'Ammando}, F. and {de Angelis}, A. and
	{DeKlotz}, M. and {de Palma}, F. and {Desiante}, R. and {Digel}, S.~W. and
	{Di Venere}, L. and {Drell}, P.~S. and {Dubois}, R. and {Dumora}, D. and
	{Favuzzi}, C. and {Fegan}, S.~J. and {Ferrara}, E.~C. and {Finke}, J. and
	{Franckowiak}, A. and {Fukazawa}, Y. and {Funk}, S. and {Fusco}, P. and
	{Gargano}, F. and {Gasparrini}, D. and {Giebels}, B. and
	{Giglietto}, N. and {Giommi}, P. and {Giordano}, F. and
	{Giroletti}, M. and {Glanzman}, T. and {Godfrey}, G. and
	{Grenier}, I.~A. and {Grondin}, M. -H. and {Grove}, J.~E. and
	{Guillemot}, L. and {Guiriec}, S. and {Hadasch}, D. and
	{Harding}, A.~K. and {Hays}, E. and {Hewitt}, J.~W. and {Hill}, A.~B. and
	{Horan}, D. and {Iafrate}, G. and {Jogler}, T. and
	{J{\'o}hannesson}, G. and {Johnson}, R.~P. and {Johnson}, A.~S. and
	{Johnson}, T.~J. and {Johnson}, W.~N. and {Kamae}, T. and
	{Kataoka}, J. and {Katsuta}, J. and {Kuss}, M. and {La Mura}, G. and {Land
	riu}, D. and {Larsson}, S. and {Latronico}, L. and
	{Lemoine-Goumard}, M. and {Li}, J. and {Li}, L. and {Longo}, F. and
	{Loparco}, F. and {Lott}, B. and {Lovellette}, M.~N. and {Lubrano}, P. and
	{Madejski}, G.~M. and {Massaro}, F. and {Mayer}, M. and
	{Mazziotta}, M.~N. and {McEnery}, J.~E. and {Michelson}, P.~F. and
	{Mirabal}, N. and {Mizuno}, T. and {Moiseev}, A.~A. and {Mongelli}, M. and
	{Monzani}, M.~E. and {Morselli}, A. and {Moskalenko}, I.~V. and
	{Murgia}, S. and {Nuss}, E. and {Ohno}, M. and {Ohsugi}, T. and
	{Omodei}, N. and {Orienti}, M. and {Orlando}, E. and {Ormes}, J.~F. and
	{Paneque}, D. and {Panetta}, J.~H. and {Perkins}, J.~S. and
	{Pesce-Rollins}, M. and {Piron}, F. and {Pivato}, G. and
	{Porter}, T.~A. and {Racusin}, J.~L. and {Rando}, R. and {Razzano}, M. and
	{Razzaque}, S. and {Reimer}, A. and {Reimer}, O. and {Reposeur}, T. and
	{Rochester}, L.~S. and {Romani}, R.~W. and {Salvetti}, D. and
	{S{\'a}nchez-Conde}, M. and {Saz Parkinson}, P.~M. and {Schulz}, A. and
	{Siskind}, E.~J. and {Smith}, D.~A. and {Spada}, F. and {Spandre}, G. and
	{Spinelli}, P. and {Stephens}, T.~E. and {Strong}, A.~W. and
	{Suson}, D.~J. and {Takahashi}, H. and {Takahashi}, T. and
	{Tanaka}, Y. and {Thayer}, J.~G. and {Thayer}, J.~B. and
	{Thompson}, D.~J. and {Tibaldo}, L. and {Tibolla}, O. and
	{Torres}, D.~F. and {Torresi}, E. and {Tosti}, G. and {Troja}, E. and
	{Van Klaveren}, B. and {Vianello}, G. and {Winer}, B.~L. and
	{Wood}, K.~S. and {Wood}, M. and {Zimmer}, S. and
	{Fermi-LAT Collaboration}},
	title = "{Fermi Large Area Telescope Third Source Catalog}",
	journal = {\apjs},
	keywords = {catalogs, gamma rays: general, Astrophysics - High Energy Astrophysical Phenomena},
	year = 2015,
	month = jun,
	volume = {218},
	number = {2},
	eid = {23},
	pages = {23},
	doi = {10.1088/0067-0049/218/2/23},
	archivePrefix = {arXiv},
	eprint = {1501.02003},
	primaryClass = {astro-ph.HE},
	adsurl = {https://ui.adsabs.harvard.edu/abs/2015ApJS..218...23A},
	adsnote = {Provided by the SAO/NASA Astrophysics Data System}
}

@ARTICLE{LuoZhang,
	author = {{Luo}, Jia-Wei and {Zhang}, Bing},
	title = "{Blazar-IceCube neutrino association revisited}",
	journal = {\prd},
	keywords = {Astrophysics - High Energy Astrophysical Phenomena, Astrophysics - Cosmology and Nongalactic Astrophysics},
	year = 2020,
	month = may,
	volume = {101},
	number = {10},
	eid = {103015},
	pages = {103015},
	doi = {10.1103/PhysRevD.101.103015},
	archivePrefix = {arXiv},
	eprint = {2004.09686},
	primaryClass = {astro-ph.HE},
	adsurl = {https://ui.adsabs.harvard.edu/abs/2020PhRvD.101j3015L},
	adsnote = {Provided by the SAO/NASA Astrophysics Data System}
}

@ARTICLE{Lorimer08,
	author = {{Lorimer}, Duncan R.},
	title = "{Binary and Millisecond Pulsars}",
	journal = {Living Reviews in Relativity},
	keywords = {pulsars, Astrophysics},
	year = 2008,
	month = nov,
	volume = {11},
	number = {1},
	eid = {8},
	pages = {8},
	doi = {10.12942/lrr-2008-8},
	archivePrefix = {arXiv},
	eprint = {0811.0762},
	primaryClass = {astro-ph},
	adsurl = {https://ui.adsabs.harvard.edu/abs/2008LRR....11....8L},
	adsnote = {Provided by the SAO/NASA Astrophysics Data System}
}

@ARTICLE{Fang15,
	author = {{Fang}, Ke},
	title = "{High-energy neutrino signatures of newborn pulsars in the local universe}",
	journal = {\jcap},
	keywords = {Astrophysics - High Energy Astrophysical Phenomena},
	year = 2015,
	month = jun,
	volume = {2015},
	number = {6},
	pages = {004-004},
	doi = {10.1088/1475-7516/2015/06/004},
	archivePrefix = {arXiv},
	eprint = {1411.2174},
	primaryClass = {astro-ph.HE},
	adsurl = {https://ui.adsabs.harvard.edu/abs/2015JCAP...06..004F},
	adsnote = {Provided by the SAO/NASA Astrophysics Data System}
}



@ARTICLE{Kamionkowski,
	author = {{Zhou}, Bei and {Kamionkowski}, Marc and {Liang}, Yun-feng},
	title = "{Search for high-energy neutrino emission from radio-bright AGN}",
	journal = {\prd},
	keywords = {Astrophysics - High Energy Astrophysical Phenomena, Astrophysics - Astrophysics of Galaxies, High Energy Physics - Phenomenology},
	year = 2021,
	month = jun,
	volume = {103},
	number = {12},
	eid = {123018},
	pages = {123018},
	doi = {10.1103/PhysRevD.103.123018},
	archivePrefix = {arXiv},
	eprint = {2103.12813},
	primaryClass = {astro-ph.HE},
	adsurl = {https://ui.adsabs.harvard.edu/abs/2021PhRvD.103l3018Z},
	adsnote = {Provided by the SAO/NASA Astrophysics Data System}
}

@INPROCEEDINGS{Wolf,
	author = {{Wolf}, M.},
	title = "{SkyLLH - A generalized Python-based tool for log-likelihood analyses in multi-messenger astronomy}",
	keywords = {Astrophysics - Instrumentation and Methods for Astrophysics, Astrophysics - High Energy Astrophysical Phenomena, High Energy Physics - Experiment},
	booktitle = {36th International Cosmic Ray Conference (ICRC2019)},
	year = 2019,
	series = {International Cosmic Ray Conference},
	volume = {36},
	month = jul,
	eid = {1035},
	pages = {1035},
	doi = {10.22323/1.358.01035},
	archivePrefix = {arXiv},
	eprint = {1908.05181},
	primaryClass = {astro-ph.IM},
	adsurl = {https://ui.adsabs.harvard.edu/abs/2019ICRC...36.1035W},
	adsnote = {Provided by the SAO/NASA Astrophysics Data System}
}



@ARTICLE{Hooper,
	author = {{Hooper}, Dan and {Linden}, Tim and {Vieregg}, Abby},
	title = "{Active galactic nuclei and the origin of IceCube's diffuse neutrino flux}",
	journal = {\jcap},
	keywords = {Astrophysics - High Energy Astrophysical Phenomena, Astrophysics - Cosmology and Nongalactic Astrophysics, Astrophysics - Astrophysics of Galaxies, High Energy Physics - Phenomenology},
	year = 2019,
	month = feb,
	volume = {2019},
	number = {2},
	eid = {012},
	pages = {012},
	doi = {10.1088/1475-7516/2019/02/012},
	archivePrefix = {arXiv},
	eprint = {1810.02823},
	primaryClass = {astro-ph.HE},
	adsurl = {https://ui.adsabs.harvard.edu/abs/2019JCAP...02..012H},
	adsnote = {Provided by the SAO/NASA Astrophysics Data System}
}

@ARTICLE{Montaruli10,
	author = {{Braun}, Jim and {Baker}, Mike and {Dumm}, Jon and {Finley}, Chad and {Karle}, Albrecht and {Montaruli}, Teresa},
	title = "{Time-dependent point source search methods in high energy neutrino astronomy}",
	journal = {Astroparticle Physics},
	keywords = {Astrophysics - Instrumentation and Methods for Astrophysics},
	year = 2010,
	month = apr,
	volume = {33},
	number = {3},
	pages = {175-181},
	doi = {10.1016/j.astropartphys.2010.01.005},
	archivePrefix = {arXiv},
	eprint = {0912.1572},
	primaryClass = {astro-ph.IM},
	adsurl = {https://ui.adsabs.harvard.edu/abs/2010APh....33..175B},
	adsnote = {Provided by the SAO/NASA Astrophysics Data System}
}

@article{Lunardini,
	author = "Vance, Gregory S. and Emig, Kimberly L. and Lunardini, Cecilia and Windhorst, Rogier A.",
	title = "{Searching for a Galactic component in the IceCube track-like neutrino events}",
	eprint = "2108.01805",
	archivePrefix = "arXiv",
	primaryClass = "astro-ph.HE",
	month = "8",
	year = "2021"
}

@article{Marfatia,
	author = "Denton, Peter B. and Marfatia, Danny and Weiler, Thomas J.",
	title = "{The Galactic Contribution to IceCube's Astrophysical Neutrino Flux}",
	eprint = "1703.09721",
	archivePrefix = "arXiv",
	primaryClass = "astro-ph.HE",
	doi = "10.1088/1475-7516/2017/08/033",
	journal = "JCAP",
	volume = "08",
	pages = "033",
	year = "2017"
}

@article{PDG,
	author = "Zyla, P.A. and others",
	collaboration = "Particle Data Group",
	title = "{Review of Particle Physics}",
	doi = "10.1093/ptep/ptaa104",
	journal = "PTEP",
	volume = "2020",
	number = "8",
	pages = "083C01",
	year = "2020",
	note = "and 2021 update"
}

@article{IceCubegalactic,
	author = "Aartsen, M. G. and others",
	collaboration = "IceCube",
	title = "{Constraints on Galactic Neutrino Emission with Seven Years of IceCube Data}",
	eprint = "1707.03416",
	archivePrefix = "arXiv",
	primaryClass = "astro-ph.HE",
	doi = "10.3847/1538-4357/aa8dfb",
	journal = "Astrophys. J.",
	volume = "849",
	number = "1",
	pages = "67",
	year = "2017"
}

@article{IceCubeXRB,
	author = "Abbasi, R. and others",
	collaboration = "IceCube",
	title = "{Search for High-energy Neutrino Emission from Galactic X-Ray Binaries with IceCube}",
	eprint = "2202.11722",
	archivePrefix = "arXiv",
	primaryClass = "astro-ph.HE",
	doi = "10.3847/2041-8213/ac67d8",
	journal = "Astrophys. J. Lett.",
	volume = "930",
	number = "2",
	pages = "L24",
	year = "2022"
}

@ARTICLE{Palladino,
	author = {{Palladino}, Andrea and {Vissani}, Francesco},
	title = "{Extragalactic plus Galactic Model for IceCube Neutrino Events}",
	journal = {\apj},
	keywords = {neutrinos, Astrophysics - High Energy Astrophysical Phenomena},
	year = 2016,
	month = aug,
	volume = {826},
	number = {2},
	eid = {185},
	pages = {185},
	doi = {10.3847/0004-637X/826/2/185},
	archivePrefix = {arXiv},
	eprint = {1601.06678},
	primaryClass = {astro-ph.HE},
	adsurl = {https://ui.adsabs.harvard.edu/abs/2016ApJ...826..185P},
	adsnote = {Provided by the SAO/NASA Astrophysics Data System}
}

@article{IceCubeptsource,
	author = "Aartsen, M. G. and others",
	collaboration = "IceCube",
	title = "{All-sky Search for Time-integrated Neutrino Emission from Astrophysical Sources with 7 yr of IceCube Data}",
	eprint = "1609.04981",
	archivePrefix = "arXiv",
	primaryClass = "astro-ph.HE",
	doi = "10.3847/1538-4357/835/2/151",
	journal = "Astrophys. J.",
	volume = "835",
	number = "2",
	pages = "151",
	year = "2017"
}

@ARTICLE{Kahya,
	author = {{Desai}, S. and {Kahya}, E.~O.},
	title = "{Galactic one-way Shapiro delay to PSR B1937+21}",
	journal = {Modern Physics Letters A},
	keywords = {Shapiro delay, PSR B1937+21, NFW profile, 95.35.+d, 98.80.-k, 97.60.Jd, Dark matter, Cosmology, Neutron stars, Astrophysics - Astrophysics of Galaxies, Astrophysics - High Energy Astrophysical Phenomena},
	year = 2016,
	month = apr,
	volume = {31},
	number = {13},
	eid = {1650083},
	pages = {1650083},
	doi = {10.1142/S0217732316500838},
	archivePrefix = {arXiv},
	eprint = {1510.08228},
	primaryClass = {astro-ph.GA},
	adsurl = {https://ui.adsabs.harvard.edu/abs/2016MPLA...3150083D},
	adsnote = {Provided by the SAO/NASA Astrophysics Data System}
}


@ARTICLE{Bethapudi,
	author = {{Bethapudi}, S. and {Desai}, S.},
	title = "{Separation of pulsar signals from noise using supervised machine learning algorithms}",
	journal = {Astronomy and Computing},
	keywords = {Methods, Data analysis stars, Neutron, Astrophysics - Instrumentation and Methods for Astrophysics, Astrophysics - High Energy Astrophysical Phenomena},
	year = 2018,
	month = apr,
	volume = {23},
	eid = {15},
	pages = {15},
	doi = {10.1016/j.ascom.2018.02.002},
	archivePrefix = {arXiv},
	eprint = {1704.04659},
	primaryClass = {astro-ph.IM},
	adsurl = {https://ui.adsabs.harvard.edu/abs/2018A&C....23...15B},
	adsnote = {Provided by the SAO/NASA Astrophysics Data System}
}


@article{Super-K,
	author = "Abe, K. and others",
	collaboration = "Super-Kamiokande",
	title = "{High energy neutrino astronomy using upward-going muons in Super-Kamiokande-I}",
	eprint = "astro-ph/0606413",
	archivePrefix = "arXiv",
	doi = "10.1086/508016",
	journal = "Astrophys. J.",
	volume = "652",
	pages = "198--205",
	year = "2006"
}

@article{showering,
	author = "Desai, S. and others",
	collaboration = "Super-Kamiokande",
	title = "{Study of TeV neutrinos with upward showering muons in Super-Kamiokande}",
	eprint = "0711.0053",
	archivePrefix = "arXiv",
	primaryClass = "hep-ex",
	doi = "10.1016/j.astropartphys.2007.11.005",
	journal = "Astropart. Phys.",
	volume = "29",
	pages = "42--54",
	year = "2008"
}

@article{Kovalev22,
	author = "Kovalev, Yu. and Plavin, A. and Troitsky, S.",
	title = "{Galactic contribution to the high-energy neutrino flux found in track-like IceCube events}",
	eprint = "2208.08423",
	archivePrefix = "arXiv",
	primaryClass = "astro-ph.HE",
	reportNumber = "INR-TH-2022-018",
	month = "8",
	year = "2022"
}

@article{Troitsky,
	author = "Troitsky, Sergey",
	title = "{Constraints on models of the origin of high-energy astrophysical neutrinos}",
	eprint = "2112.09611",
	archivePrefix = "arXiv",
	primaryClass = "astro-ph.HE",
	reportNumber = "INR-TH-2021-025",
	doi = "10.3367/UFNe.2021.09.039062",
	journal = "Usp. Fiz. Nauk",
	volume = "191",
	number = "12",
	pages = "1333--1360",
	year = "2021"
}

@ARTICLE{Patrick,
	author = {{Gupta}, Patrick Das and {Saini}, Nidhi},
	title = "{Collapsing supra-massive magnetars: FRBs, the repeating FRB121102 and GRBs}",
	journal = {Journal of Astrophysics and Astronomy},
	keywords = {FRBs, FRB 121102, Kerr black holes, Blandford-Znajek process, strange stars, GRBs, pre-natal kicks, Astrophysics - High Energy Astrophysical Phenomena, General Relativity and Quantum Cosmology},
	year = 2018,
	month = feb,
	volume = {39},
	number = {1},
	eid = {14},
	pages = {14},
	doi = {10.1007/s12036-017-9499-9},
	archivePrefix = {arXiv},
	eprint = {1709.00185},
	primaryClass = {astro-ph.HE},
	adsurl = {https://ui.adsabs.harvard.edu/abs/2018JApA...39...14G},
	adsnote = {Provided by the SAO/NASA Astrophysics Data System}
}



@ARTICLE{Li14,
	author = {{Li}, Xiang and {Zhou}, Bei and {He}, Hao-Ning and {Fan}, Yi-Zhong and {Wei}, Da-Ming},
	title = "{Model-dependent Estimate on the Connection between Fast Radio Bursts and Ultra High Energy Cosmic Rays}",
	journal = {\apj},
	keywords = {acceleration of particles, cosmic rays, radio continuum: general, Astrophysics - High Energy Astrophysical Phenomena},
	year = 2014,
	month = dec,
	volume = {797},
	number = {1},
	eid = {33},
	pages = {33},
	doi = {10.1088/0004-637X/797/1/33},
	archivePrefix = {arXiv},
	eprint = {1312.5637},
	primaryClass = {astro-ph.HE},
	adsurl = {https://ui.adsabs.harvard.edu/abs/2014ApJ...797...33L},
	adsnote = {Provided by the SAO/NASA Astrophysics Data System}
}


@ARTICLE{Fahey,
	author = {{Fahey}, Samuel and {Kheirandish}, Ali and {Vandenbroucke}, Justin and {Xu}, Donglian},
	title = "{A Search for Neutrinos from Fast Radio Bursts with IceCube}",
	journal = {\apj},
	keywords = {neutrinos, radiation mechanisms: non-thermal, Astrophysics - High Energy Astrophysical Phenomena, Astrophysics - Cosmology and Nongalactic Astrophysics},
	year = 2017,
	month = aug,
	volume = {845},
	number = {1},
	eid = {14},
	pages = {14},
	doi = {10.3847/1538-4357/aa7e28},
	archivePrefix = {arXiv},
	eprint = {1611.03062},
	primaryClass = {astro-ph.HE},
	adsurl = {https://ui.adsabs.harvard.edu/abs/2017ApJ...845...14F},
	adsnote = {Provided by the SAO/NASA Astrophysics Data System}
}


@article{IceCubeAGN,
	author = "Aartsen, M. G. and others",
	collaboration = "IceCube",
	title = "{The contribution of Fermi-2LAC blazars to the diffuse TeV-PeV neutrino flux}",
	eprint = "1611.03874",
	archivePrefix = "arXiv",
	primaryClass = "astro-ph.HE",
	doi = "10.3847/1538-4357/835/1/45",
	journal = "Astrophys. J.",
	volume = "835",
	number = "1",
	pages = "45",
	year = "2017"
}

@article{Wilks,
	title={The large-sample distribution of the likelihood ratio for testing composite hypotheses},
	author={Wilks, Samuel S},
	journal={The annals of mathematical statistics},
	volume={9},
	number={1},
	pages={60--62},
	year={1938},
	publisher={JSTOR}
}

@article{IceCubedata,
	author = "Abbasi, R. and others",
	collaboration = "IceCube",
	title = "{IceCube Data for Neutrino Point-Source Searches Years 2008-2018}",
	eprint = "2101.09836",
	archivePrefix = "arXiv",
	primaryClass = "astro-ph.HE",
	doi = "10.21234/CPKQ-K003",
	month = "1",
	year = "2021"
}


@ARTICLE{LHAASO,
	author = {{Huang}, Tian-Qi and {Li}, Zhuo},
	title = "{Constraints on Hadronic Contributions to LHAASO Sources with Neutrino Observations}",
	journal = {\apj},
	keywords = {628, 1100, 328, Astrophysics - High Energy Astrophysical Phenomena},
	year = 2022,
	month = jan,
	volume = {925},
	number = {1},
	eid = {85},
	pages = {85},
	doi = {10.3847/1538-4357/ac423d},
	archivePrefix = {arXiv},
	eprint = {2105.09851},
	primaryClass = {astro-ph.HE},
	adsurl = {https://ui.adsabs.harvard.edu/abs/2022ApJ...925...85H},
	adsnote = {Provided by the SAO/NASA Astrophysics Data System}
}




@article{Chime,
	author = "Amiri, Mandana and others",
	collaboration = "CHIME/FRB",
	title = "{The First CHIME/FRB Fast Radio Burst Catalog}",
	eprint = "2106.04352",
	archivePrefix = "arXiv",
	primaryClass = "astro-ph.HE",
	doi = "10.3847/1538-4365/ac33ab",
	journal = "Astrophys. J. Supp.",
	volume = "257",
	number = "2",
	pages = "59",
	year = "2021"
}


@ARTICLE{icecube2018,
	author = "Aartsen, M. G. and others",
	collaboration = "IceCube",
	title = "{A Search for Neutrino Emission from Fast Radio Bursts with Six Years of IceCube Data}",
	eprint = "1712.06277",
	archivePrefix = "arXiv",
	primaryClass = "astro-ph.HE",
	doi = "10.3847/1538-4357/aab4f8",
	journal = "Astrophys. J.",
	volume = "857",
	number = "2",
	pages = "117",
	year = "2018"
}
@ARTICLE{SKA,
	author = {{Hashimoto}, Tetsuya and {Goto}, Tomotsugu and {On}, Alvina Y.~L. and {Lu}, Ting-Yi and {Santos}, Daryl Joe D. and {Ho}, Simon C. -C. and {Wang}, Ting-Wen and {Kim}, Seong Jin and {Hsiao}, Tiger Y. -Y.},
	title = "{Fast radio bursts to be detected with the Square Kilometre Array}",
	journal = {\mnras},
	keywords = {binaries: general, stars: luminosity function, mass function, stars: magnetars, stars: magnetic field, stars: neutron, Astrophysics - High Energy Astrophysical Phenomena, Astrophysics - Cosmology and Nongalactic Astrophysics, Astrophysics - Astrophysics of Galaxies},
	year = 2020,
	month = oct,
	volume = {497},
	number = {4},
	pages = {4107-4116},
	doi = {10.1093/mnras/staa2238},
	archivePrefix = {arXiv},
	eprint = {2008.00007},
	primaryClass = {astro-ph.HE},
	adsurl = {https://ui.adsabs.harvard.edu/abs/2020MNRAS.497.4107H},
	adsnote = {Provided by the SAO/NASA Astrophysics Data System}
}





@ARTICLE{gen2,
	author = {{Aartsen}, M.~G. and {Abbasi}, R. and {Ackermann}, M. and {Adams}, J. and {Aguilar}, J.~A. and {Ahlers}, M. and {Ahrens}, M. and {Alispach}, C. and {Allison}, P. and {Amin}, N.~M. and {Andeen}, K. and {Anderson}, T. and {Ansseau}, I. and {Anton}, G. and {Arg{\"u}elles}, C. and {Arlen}, T.~C. and {Auffenberg}, J. and {Axani}, S. and {Bagherpour}, H. and {Bai}, X. and {Balagopal V}, A. and {Barbano}, A. and {Bartos}, I. and {Bastian}, B. and {Basu}, V. and {Baum}, V. and {Baur}, S. and {Bay}, R. and {Beatty}, J.~J. and {Becker}, K. -H. and {Tjus}, J. Becker and {BenZvi}, S. and {Berley}, D. and {Bernardini}, E. and {Besson}, D.~Z. and {Binder}, G. and {Bindig}, D. and {Blaufuss}, E. and {Blot}, S. and {Bohm}, C. and {Bohmer}, M. and {B{\"o}ser}, S. and {Botner}, O. and {B{\"o}ttcher}, J. and {Bourbeau}, E. and {Bourbeau}, J. and {Bradascio}, F. and {Braun}, J. and {Bron}, S. and {Brostean-Kaiser}, J. and {Burgman}, A. and {Burley}, R.~T. and {Buscher}, J. and {Busse}, R.~S. and {Bustamante}, M. and {Campana}, M.~A. and {Carnie-Bronca}, E.~G. and {Carver}, T. and {Chen}, C. and {Chen}, P. and {Cheung}, E. and {Chirkin}, D. and {Choi}, S. and {Clark}, B.~A. and {Clark}, K. and {Classen}, L. and {Coleman}, A. and {Collin}, G.~H. and {Connolly}, A. and {Conrad}, J.~M. and {Coppin}, P. and {Correa}, P. and {Cowen}, D.~F. and {Cross}, R. and {Dave}, P. and {Deaconu}, C. and {De Clercq}, C. and {DeLaunay}, J.~J. and {De Kockere}, S. and {Dembinski}, H. and {Deoskar}, K. and {De Ridder}, S. and {Desai}, A. and {Desiati}, P. and {de Vries}, K.~D. and {de Wasseige}, G. and {de With}, M. and {DeYoung}, T. and {Dharani}, S. and {Diaz}, A. and {D{\'\i}az-V{\'e}lez}, J.~C. and {Dujmovic}, H. and {Dunkman}, M. and {DuVernois}, M.~A. and {Dvorak}, E. and {Ehrhardt}, T. and {Eller}, P. and {Engel}, R. and {Evans}, J.~J. and {Evenson}, P.~A. and {Fahey}, S. and {Farrag}, K. and {Fazely}, A.~R. and {Felde}, J. and {Fienberg}, A.~T. and {Filimonov}, K. and {Finley}, C. and {Fischer}, L. and {Fox}, D. and {Franckowiak}, A. and {Friedman}, E. and {Fritz}, A. and {Gaisser}, T.~K. and {Gallagher}, J. and {Ganster}, E. and {Garcia-Fernandez}, D. and {Garrappa}, S. and {Gartner}, A. and {Gerhard}, L. and {Gernhaeuser}, R. and {Ghadimi}, A. and {Glaser}, C. and {Glauch}, T. and {Gl{\"u}senkamp}, T. and {Goldschmidt}, A. and {Gonzalez}, J.~G. and {Goswami}, S. and {Grant}, D. and {Gr{\'e}goire}, T. and {Griffith}, Z. and {Griswold}, S. and {G{\"u}nd{\"u}z}, M. and {Haack}, C. and {Hallgren}, A. and {Halliday}, R. and {Halve}, L. and {Halzen}, F. and {Hanson}, J.~C. and {Hanson}, K. and {Hardin}, J. and {Haugen}, J. and {Haungs}, A. and {Hauser}, S. and {Hebecker}, D. and {Heinen}, D. and {Heix}, P. and {Helbing}, K. and {Hellauer}, R. and {Henningsen}, F. and {Hickford}, S. and {Hignight}, J. and {Hill}, C. and {Hill}, G.~C. and {Hoffman}, K.~D. and {Hoffmann}, B. and {Hoffmann}, R. and {Hoinka}, T. and {Hokanson-Fasig}, B. and {Holzapfel}, K. and {Hoshina}, K. and {Huang}, F. and {Huber}, M. and {Huber}, T. and {Huege}, T. and {Hughes}, K. and {Hultqvist}, K. and {H{\"u}nnefeld}, M. and {Hussain}, R. and {In}, S. and {Iovine}, N. and {Ishihara}, A. and {Jansson}, M. and {Japaridze}, G.~S. and {Jeong}, M. and {Jones}, B.~J.~P. and {Jonske}, F. and {Joppe}, R. and {Kalekin}, O. and {Kang}, D. and {Kang}, W. and {Kang}, X. and {Kappes}, A. and {Kappesser}, D. and {Karg}, T. and {Karl}, M. and {Karle}, A. and {Katori}, T. and {Katz}, U. and {Kauer}, M. and {Keivani}, A. and {Kellermann}, M. and {Kelley}, J.~L. and {Kheirandish}, A. and {Kim}, J. and {Kin}, K. and {Kintscher}, T. and {Kiryluk}, J. and {Kittler}, T. and {Kleifges}, M. and {Klein}, S.~R. and {Koirala}, R. and {Kolanoski}, H. and {K{\"o}pke}, L. and {Kopper}, C. and {Kopper}, S. and {Koskinen}, D.~J. and {Koundal}, P. and {Kovacevich}, M. and {Kowalski}, M. and {Krauss}, C.~B. and {Krings}, K. and {Kr{\"u}ckl}, G. and {Kulacz}, N. and {Kurahashi}, N. and {Gualda}, C. Lagunas and {Lahmann}, R. and {Lanfranchi}, J.~L. and {Larson}, M.~J. and {Latif}, U. and {Lauber}, F. and {Lazar}, J.~P. and {Leonard}, K. and {Leszczy{\'n}ska}, A. and {Li}, Y. and {Liu}, Q.~R. and {Lohfink}, E. and {LoSecco}, J. and {Mariscal}, C.~J. Lozano and {Lu}, L. and {Lucarelli}, F. and {Ludwig}, A. and {L{\"u}nemann}, J. and {Luszczak}, W. and {Lyu}, Y. and {Ma}, W.~Y. and {Madsen}, J. and {Maggi}, G. and {Mahn}, K.~B.~M. and {Makino}, Y. and {Mallik}, P. and {Mancina}, S. and {Mandalia}, S. and {Mari{\c{s}}}, I.~C. and {Marka}, S. and {Marka}, Z. and {Maruyama}, R. and {Mase}, K. and {Maunu}, R. and {McNally}, F. and {Meagher}, K. and {Medina}, A. and {Meier}, M. and {Meighen-Berger}, S. and {Merz}, J. and {Meyers}, Z.~S. and {Micallef}, J. and {Mockler}, D. and {Moment{\'e}}, G. and {Montaruli}, T. and {Moore}, R.~W. and {Morse}, R. and {Moulai}, M. and {Muth}, P. and {Naab}, R. and {Nagai}, R. and {Nam}, J. and {Nauman}, U. and {Necker}, J. and {Neer}, G. and {Nelles}, A. and {Nguyễn}, L.~V. and {Niederhausen}, H. and {Nisa}, M.~U. and {Nowicki}, S.~C. and {Nygren}, D.~R. and {Oberla}, E. and {Pollmann}, A. Obertacke and {Oehler}, M. and {Olivas}, A. and {O'Sullivan}, E. and {Pan}, Y. and {Pandya}, H. and {Pankova}, D.~V. and {Papp}, L. and {Park}, N. and {Parker}, G.~K. and {Paudel}, E.~N. and {Peiffer}, P. and {P{\'e}rez de los Heros}, C. and {Petersen}, T.~C. and {Philippen}, S. and {Pieloth}, D. and {Pieper}, S. and {Pinfold}, J.~L. and {Pizzuto}, A. and {Plaisier}, I. and {Plum}, M. and {Popovych}, Y. and {Porcelli}, A. and {Rodriguez}, M. Prado and {Price}, P.~B. and {Przybylski}, G.~T. and {Raab}, C. and {Raissi}, A. and {Rameez}, M. and {Rauch}, L. and {Rawlins}, K. and {Rea}, I.~C. and {Rehman}, A. and {Reimann}, R. and {Renschler}, M. and {Renzi}, G. and {Resconi}, E. and {Reusch}, S. and {Rhode}, W. and {Richman}, M. and {Riedel}, B. and {Riegel}, M. and {Roberts}, E.~J. and {Robertson}, S. and {Roellinghoff}, G. and {Rongen}, M. and {Rott}, C. and {Ruhe}, T. and {Ryckbosch}, D. and {Cantu}, D. Rysewyk and {Safa}, I. and {Herrera}, S.~E. Sanchez and {Sandrock}, A. and {Sandroos}, J. and {Sandstrom}, P. and {Santander}, M. and {Sarkar}, S. and {Sarkar}, S. and {Satalecka}, K. and {Scharf}, M. and {Schaufel}, M. and {Schieler}, H. and {Schlunder}, P. and {Schmidt}, T. and {Schneider}, A. and {Schneider}, J. and {Schr{\"o}der}, F.~G. and {Schumacher}, L. and {Sclafani}, S. and {Seckel}, D. and {Seunarine}, S. and {Shaevitz}, M.~H. and {Sharma}, A. and {Shefali}, S. and {Silva}, M. and {Smith}, D. and {Smithers}, B. and {Snihur}, R. and {Soedingrekso}, J. and {Soldin}, D. and {S{\"o}ldner-Rembold}, S. and {Song}, M. and {Southall}, D. and {Spiczak}, G.~M. and {Spiering}, C. and {Stachurska}, J. and {Stamatikos}, M. and {Stanev}, T. and {Stein}, R. and {Stettner}, J. and {Steuer}, A. and {Stezelberger}, T. and {Stokstad}, R.~G. and {Strotjohann}, N.~L. and {St{\"u}rwald}, T. and {Stuttard}, T. and {Sullivan}, G.~W. and {Taboada}, I. and {Taketa}, A. and {Tanaka}, H.~K.~M. and {Tenholt}, F. and {Ter-Antonyan}, S. and {Terliuk}, A. and {Tilav}, S. and {Tollefson}, K. and {Tomankova}, L. and {T{\"o}nnis}, C. and {Torres}, J. and {Toscano}, S. and {Tosi}, D. and {Trettin}, A. and {Tselengidou}, M. and {Tung}, C.~F. and {Turcati}, A. and {Turcotte}, R. and {Turley}, C.~F. and {Twagirayezu}, J.~P. and {Ty}, B. and {Unger}, E. and {Elorrieta}, M.~A. Unland and {Vandenbroucke}, J. and {van Eijk}, D. and {van Eijndhoven}, N. and {Vannerom}, D. and {van Santen}, J. and {Veberic}, D. and {Verpoest}, S. and {Vieregg}, A. and {Vraeghe}, M. and {Walck}, C. and {Watson}, T.~B. and {Weaver}, C. and {Weindl}, A. and {Weinstock}, L. and {Weiss}, M.~J. and {Weldert}, J. and {Welling}, C. and {Wendt}, C. and {Werthebach}, J. and {Whitehorn}, N. and {Wiebe}, K. and {Wiebusch}, C.~H. and {Williams}, D.~R. and {Wissel}, S.~A. and {Wolf}, M. and {Wood}, T.~R. and {Woschnagg}, K. and {Wrede}, G. and {Wren}, S. and {Wulff}, J. and {Xu}, X.~W. and {Xu}, Y. and {Yanez}, J.~P. and {Yoshida}, S. and {Yuan}, T. and {Zhang}, Z. and {Zierke}, S. and {Z{\"o}cklein}, M.},
	title = "{IceCube-Gen2: the window to the extreme Universe}",
	journal = {Journal of Physics G Nuclear Physics},
	keywords = {neutrino astronomy, high-energy astrophysics, neutrino telescopes, Astrophysics - High Energy Astrophysical Phenomena},
	year = 2021,
	month = jun,
	volume = {48},
	number = {6},
	eid = {060501},
	pages = {060501},
	doi = {10.1088/1361-6471/abbd48},
	archivePrefix = {arXiv},
	eprint = {2008.04323},
	primaryClass = {astro-ph.HE},
	adsurl = {https://ui.adsabs.harvard.edu/abs/2021JPhG...48f0501A},
	adsnote = {Provided by the SAO/NASA Astrophysics Data System}
}

@ARTICLE{Burgio,
	author = {{Link}, Bennett and {Burgio}, Fiorella},
	title = "{TeV {\ensuremath{\mu}} Neutrinos from Young Neutron Stars}",
	journal = {\prl},
	keywords = {97.60.Gb, 94.30.-d, 95.85.Ry, Pulsars, Physics of the magnetosphere, Neutrino muon pion and other elementary particles, cosmic rays, Astrophysics, High Energy Physics - Experiment},
	year = 2005,
	month = may,
	volume = {94},
	number = {18},
	eid = {181101},
	pages = {181101},
	doi = {10.1103/PhysRevLett.94.181101},
	archivePrefix = {arXiv},
	eprint = {astro-ph/0412520},
	primaryClass = {astro-ph},
	adsurl = {https://ui.adsabs.harvard.edu/abs/2005PhRvL..94r1101L},
	adsnote = {Provided by the SAO/NASA Astrophysics Data System}
}


@ARTICLE{Desai22,
	author = {{Desai}, Shantanu},
	title = "{Combined significance of spatial coincidence of high energy neutrinos from PSR B1509-58 by Super-Kamiokande and MACRO}",
	journal = {\jcap},
	keywords = {neutrino astronomy, neutrino detectors, Frequentist statistics, radio pulsars, Astrophysics - High Energy Astrophysical Phenomena, High Energy Physics - Phenomenology},
	year = 2022,
	month = aug,
	volume = {2022},
	number = {8},
	eid = {001},
	pages = {001},
	doi = {10.1088/1475-7516/2022/08/001},
	archivePrefix = {arXiv},
	eprint = {2202.12493},
	primaryClass = {astro-ph.HE},
	adsurl = {https://ui.adsabs.harvard.edu/abs/2022JCAP...08..001D},
	adsnote = {Provided by the SAO/NASA Astrophysics Data System}
}



@ARTICLE{Helfand,
	author = {{Helfand}, D.~J.},
	title = "{Neutrinos from neutron stars}",
	journal = {\nat},
	keywords = {Energetic Particles, Neutrinos, Neutron Stars, Particle Flux Density, Pulsars, Stellar Radiation, Binary Stars, High Energy Interactions, Particle Production, X Ray Sources, Astrophysics},
	year = 1979,
	month = apr,
	volume = {278},
	number = {5706},
	pages = {720-721},
	doi = {10.1038/278720a0},
	adsurl = {https://ui.adsabs.harvard.edu/abs/1979Natur.278..720H},
	adsnote = {Provided by the SAO/NASA Astrophysics Data System}
}

@article{sknuastro,
	author = "Abe, K. and others",
	collaboration = "Super-Kamiokande",
	title = "{High energy neutrino astronomy using upward-going muons in Super-Kamiokande-I}",
	eprint = "astro-ph/0606413",
	archivePrefix = "arXiv",
	doi = "10.1086/508016",
	journal = "Astrophys. J.",
	volume = "652",
	pages = "198--205",
	year = "2006"
}

@article{sksolar,
	author = "Abe, K. and others",
	collaboration = "Super-Kamiokande",
	title = "{Solar Neutrino Measurements in Super-Kamiokande-IV}",
	eprint = "1606.07538",
	archivePrefix = "arXiv",
	primaryClass = "hep-ex",
	doi = "10.1103/PhysRevD.94.052010",
	journal = "Phys. Rev. D",
	volume = "94",
	number = "5",
	pages = "052010",
	year = "2016"
}


@ARTICLE{Halzen,
	author = {{Ahlers}, Markus and {Halzen}, Francis},
	title = "{Opening a new window onto the universe with IceCube}",
	journal = {Progress in Particle and Nuclear Physics},
	keywords = {Neutrino astronomy, Multimessenger astronomy, Neutrino sources, Astrophysics - High Energy Astrophysical Phenomena, High Energy Physics - Phenomenology},
	year = 2018,
	month = sep,
	volume = {102},
	pages = {73-88},
	doi = {10.1016/j.ppnp.2018.05.001},
	archivePrefix = {arXiv},
	eprint = {1805.11112},
	primaryClass = {astro-ph.HE},
	adsurl = {https://ui.adsabs.harvard.edu/abs/2018PrPNP.102...73A},
	adsnote = {Provided by the SAO/NASA Astrophysics Data System}
}






@article{superkgrb,
	author = "Fukuda, S. and others",
	collaboration = "Super-Kamiokande",
	title = "{Search for neutrinos from gamma-ray bursts using Super-Kamiokande}",
	eprint = "astro-ph/0205304",
	archivePrefix = "arXiv",
	doi = "10.1086/342405",
	journal = "Astrophys. J.",
	volume = "578",
	pages = "317--324",
	year = "2002"
}

@article{superkwimp,
	author = "Desai, S. and others",
	collaboration = "Super-Kamiokande",
	title = "{Search for dark matter WIMPs using upward through-going muons in Super-Kamiokande}",
	eprint = "hep-ex/0404025",
	archivePrefix = "arXiv",
	doi = "10.1103/PhysRevD.70.083523",
	journal = "Phys. Rev. D",
	volume = "70",
	pages = "083523",
	year = "2004"
}










@article{CHIMEmagnetar,
	author = "Andersen, B. C. and others",
	collaboration = "CHIME/FRB",
	title = "{A bright millisecond-duration radio burst from a Galactic magnetar}",
	eprint = "2005.10324",
	archivePrefix = "arXiv",
	primaryClass = "astro-ph.HE",
	doi = "10.1038/s41586-020-2863-y",
	journal = "Nature",
	volume = "587",
	number = "7832",
	pages = "54--58",
	year = "2020"
}



@PHDTHESIS{Desaithesis,
	author = {{Desai}, Shantanu},
	title = "{High energy neutrino astrophysics with Super-Kamiokande}",
	keywords = {Physics: Elementary Particles and High Energy, Physics: Astronomy and Astrophysics},
	school = {Boston University},
	year = 2004,
	month = may,
	adsurl = {https://ui.adsabs.harvard.edu/abs/2004PhDT.......222D},
	adsnote = {Provided by the SAO/NASA Astrophysics Data System}
}
@ARTICLE{Cordes20,
	author = {{Cordes}, James M. and {Chatterjee}, Shami},
	title = "{Fast Radio Bursts: An Extragalactic Enigma}",
	journal = {\araa},
	keywords = {Astrophysics - High Energy Astrophysical Phenomena, Astrophysics - Cosmology and Nongalactic Astrophysics},
	year = 2019,
	month = aug,
	volume = {57},
	pages = {417-465},
	doi = {10.1146/annurev-astro-091918-104501},
	archivePrefix = {arXiv},
	eprint = {1906.05878},
	primaryClass = {astro-ph.HE},
	adsurl = {https://ui.adsabs.harvard.edu/abs/2019ARA&A..57..417C},
	adsnote = {Provided by the SAO/NASA Astrophysics Data System}
}
@ARTICLE{Bethapudi,
	author = {{Bethapudi}, Suryarao and {Kerr}, Matthew and {Ray}, Paul S. and {Clarke}, Tracy E. and {Kassim}, Namir E. and {Deneva}, Julia S.},
	title = "{The First Fast Radio Burst Detected with VLITE-Fast}",
	journal = {Research Notes of the American Astronomical Society},
	keywords = {Radio transient sources, 2008},
	year = 2021,
	month = mar,
	volume = {5},
	number = {3},
	eid = {46},
	pages = {46},
	doi = {10.3847/2515-5172/abea22},
	adsurl = {https://ui.adsabs.harvard.edu/abs/2021RNAAS...5...46B},
	adsnote = {Provided by the SAO/NASA Astrophysics Data System}
}


@ARTICLE{Marthi,
	author = {{Marthi}, V.~R. and {Bethapudi}, S. and {Main}, R.~A. and {Lin}, H. -H. and {Spitler}, L.~G. and {Wharton}, R.~S. and {Li}, D.~Z. and {Gautam}, T. and {Pen}, U. -L. and {Hilmarsson}, G.~H.},
	title = "{Burst properties of the highly active FRB20201124A using uGMRT}",
	journal = {\mnras},
	keywords = {scattering, methods: observational, techniques: interferometric, Astrophysics - High Energy Astrophysical Phenomena},
	year = 2022,
	month = jan,
	volume = {509},
	number = {2},
	pages = {2209-2219},
	doi = {10.1093/mnras/stab3067},
	archivePrefix = {arXiv},
	eprint = {2108.00697},
	primaryClass = {astro-ph.HE},
	adsurl = {https://ui.adsabs.harvard.edu/abs/2022MNRAS.509.2209M},
	adsnote = {Provided by the SAO/NASA Astrophysics Data System}
}

@ARTICLE{Li22,
	author = {{RongLan-Li} and {BenYang-Zhu} and {YunFeng-Liang}},
	title = "{Investigating the correlations between IceCube high-energy neutrinos and Fermi-LAT gamma-ray observations}",
	journal = {arXiv e-prints},
	keywords = {Astrophysics - High Energy Astrophysical Phenomena},
	year = 2022,
	month = may,
	eid = {arXiv:2205.15963},
	pages = {arXiv:2205.15963},
	archivePrefix = {arXiv},
	eprint = {2205.15963},
	primaryClass = {astro-ph.HE},
	adsurl = {https://ui.adsabs.harvard.edu/abs/2022arXiv220515963R},
	adsnote = {Provided by the SAO/NASA Astrophysics Data System}
}




@ARTICLE{Montaruli,
	author = {{Braun}, Jim and {Baker}, Mike and {Dumm}, Jon and {Finley}, Chad and {Karle}, Albrecht and {Montaruli}, Teresa},
	title = "{Time-dependent point source search methods in high energy neutrino astronomy}",
	journal = {Astroparticle Physics},
	keywords = {Astrophysics - Instrumentation and Methods for Astrophysics},
	year = 2010,
	month = apr,
	volume = {33},
	number = {3},
	pages = {175-181},
	doi = {10.1016/j.astropartphys.2010.01.005},
	archivePrefix = {arXiv},
	eprint = {0912.1572},
	primaryClass = {astro-ph.IM},
	adsurl = {https://ui.adsabs.harvard.edu/abs/2010APh....33..175B},
	adsnote = {Provided by the SAO/NASA Astrophysics Data System}
}



@article{IceCube13,
	author = "Aartsen, M. G. and others",
	collaboration = "IceCube",
	title = "{First observation of PeV-energy neutrinos with IceCube}",
	eprint = "1304.5356",
	archivePrefix = "arXiv",
	primaryClass = "astro-ph.HE",
	doi = "10.1103/PhysRevLett.111.021103",
	journal = "Phys. Rev. Lett.",
	volume = "111",
	pages = "021103",
	year = "2013"
}

@article{IceCubescience,
	author = "Aartsen, M. G. and others",
	collaboration = "IceCube",
	title = "{Evidence for High-Energy Extraterrestrial Neutrinos at the IceCube Detector}",
	eprint = "1311.5238",
	archivePrefix = "arXiv",
	primaryClass = "astro-ph.HE",
	doi = "10.1126/science.1242856",
	journal = "Science",
	volume = "342",
	pages = "1242856",
	year = "2013"
}

@article{IceCube14,
	author = "Aartsen, M. G. and others",
	collaboration = "IceCube",
	title = "{Observation of High-Energy Astrophysical Neutrinos in Three Years of IceCube Data}",
	eprint = "1405.5303",
	archivePrefix = "arXiv",
	primaryClass = "astro-ph.HE",
	doi = "10.1103/PhysRevLett.113.101101",
	journal = "Phys. Rev. Lett.",
	volume = "113",
	pages = "101101",
	year = "2014"
}


@ARTICLE{Icecube10,
	author = "Abbasi, R. and others",
	collaboration = "IceCube",
	title = "{Time-Integrated Searches for Point-like Sources of Neutrinos with the 40-String IceCube Detector}",
	eprint = "1012.2137",
	archivePrefix = "arXiv",
	primaryClass = "astro-ph.HE",
	doi = "10.1088/0004-637X/732/1/18",
	journal = "Astrophys. J.",
	volume = "732",
	pages = "18",
	year = "2011"
}

@ARTICLE{Platts,
	author = {{Platts}, E. and {Weltman}, A. and {Walters}, A. and {Tendulkar}, S.~P. and {Gordin}, J.~E.~B. and {Kandhai}, S.},
	title = "{A living theory catalogue for fast radio bursts}",
	journal = {\physrep},
	keywords = {Fast radio bursts, Transients, Neutron stars, Black holes, Astrophysics - High Energy Astrophysical Phenomena, Astrophysics - Astrophysics of Galaxies, Astrophysics - Instrumentation and Methods for Astrophysics},
	year = 2019,
	month = aug,
	volume = {821},
	pages = {1-27},
	doi = {10.1016/j.physrep.2019.06.003},
	archivePrefix = {arXiv},
	eprint = {1810.05836},
	primaryClass = {astro-ph.HE},
	adsurl = {https://ui.adsabs.harvard.edu/abs/2019PhR...821....1P},
	adsnote = {Provided by the SAO/NASA Astrophysics Data System}
}

@ARTICLE{Petroff21,
	author = {{Petroff}, E. and {Hessels}, J.~W.~T. and {Lorimer}, D.~R.},
	title = "{Fast radio bursts at the dawn of the 2020s}",
	journal = {\aapr},
	keywords = {Fast radio burst, Pulsar, Magnetar, Radio astronomy, Transient, Astrophysics - High Energy Astrophysical Phenomena, Astrophysics - Cosmology and Nongalactic Astrophysics},
	year = 2022,
	month = dec,
	volume = {30},
	number = {1},
	eid = {2},
	pages = {2},
	doi = {10.1007/s00159-022-00139-w},
	archivePrefix = {arXiv},
	eprint = {2107.10113},
	primaryClass = {astro-ph.HE},
	adsurl = {https://ui.adsabs.harvard.edu/abs/2022A&ARv..30....2P},
	adsnote = {Provided by the SAO/NASA Astrophysics Data System}
}






@ARTICLE{Lorimer07,
	author = {{Lorimer}, D.~R. and {Bailes}, M. and {McLaughlin}, M.~A. and {Narkevic}, D.~J. and {Crawford}, F.},
	title = "{A Bright Millisecond Radio Burst of Extragalactic Origin}",
	journal = {Science},
	keywords = {ASTRONOMY, Astrophysics},
	year = 2007,
	month = nov,
	volume = {318},
	number = {5851},
	pages = {777},
	doi = {10.1126/science.1147532},
	archivePrefix = {arXiv},
	eprint = {0709.4301},
	primaryClass = {astro-ph},
	adsurl = {https://ui.adsabs.harvard.edu/abs/2007Sci...318..777L},
	adsnote = {Provided by the SAO/NASA Astrophysics Data System}
}

@ARTICLE{Fang16,
	author = {{Fang}, Ke and {Kotera}, Kumiko and {Murase}, Kohta and {Olinto}, Angela V.},
	title = "{IceCube constraints on fast-spinning pulsars as high-energy neutrino sources}",
	journal = {\jcap},
	keywords = {Astrophysics - High Energy Astrophysical Phenomena},
	year = 2016,
	month = apr,
	volume = {2016},
	number = {4},
	eid = {010},
	pages = {010},
	doi = {10.1088/1475-7516/2016/04/010},
	archivePrefix = {arXiv},
	eprint = {1511.08518},
	primaryClass = {astro-ph.HE},
	adsurl = {https://ui.adsabs.harvard.edu/abs/2016JCAP...04..010F},
	adsnote = {Provided by the SAO/NASA Astrophysics Data System}
}



@ARTICLE{Fang,
	author = {{Fang}, Ke and {Kotera}, Kumiko and {Olinto}, Angela V.},
	title = "{Newly Born Pulsars as Sources of Ultrahigh Energy Cosmic Rays}",
	journal = {\apj},
	keywords = {astroparticle physics, cosmic rays, pulsars: general, supernovae: general, Astrophysics - High Energy Astrophysical Phenomena},
	year = 2012,
	month = may,
	volume = {750},
	number = {2},
	eid = {118},
	pages = {118},
	doi = {10.1088/0004-637X/750/2/118},
	archivePrefix = {arXiv},
	eprint = {1201.5197},
	primaryClass = {astro-ph.HE},
	adsurl = {https://ui.adsabs.harvard.edu/abs/2012ApJ...750..118F},
	adsnote = {Provided by the SAO/NASA Astrophysics Data System}
}



@ARTICLE{Icecubemagnetar,
	author = {{Ghadimi}, Ava and {Santander}, Marcos},
	title = "{Searching for Sources of High Energy Neutrinos from Magnetars with IceCube}",
	journal = {arXiv e-prints},
	keywords = {Astrophysics - High Energy Astrophysical Phenomena},
	year = 2021,
	month = jul,
	eid = {arXiv:2107.08322},
	pages = {arXiv:2107.08322},
	archivePrefix = {arXiv},
	eprint = {2107.08322},
	primaryClass = {astro-ph.HE},
	adsurl = {https://ui.adsabs.harvard.edu/abs/2021arXiv210708322G},
	adsnote = {Provided by the SAO/NASA Astrophysics Data System}
}

@ARTICLE{Bhadra,
	author = {{Bhadra}, A. and {Dey}, R.~K.},
	title = "{TeV neutrinos and gamma-rays from pulsars}",
	journal = {\mnras},
	keywords = {neutrinos, pulsars: general, gamma-rays: theory, Astrophysics},
	year = 2009,
	month = may,
	volume = {395},
	number = {3},
	pages = {1371-1375},
	doi = {10.1111/j.1365-2966.2008.14345.x},
	archivePrefix = {arXiv},
	eprint = {0812.1845},
	primaryClass = {astro-ph},
	adsurl = {https://ui.adsabs.harvard.edu/abs/2009MNRAS.395.1371B},
	adsnote = {Provided by the SAO/NASA Astrophysics Data System}
}




@ARTICLE{IcecubeFRB,
	author = "Aartsen, M. G. and others",
	collaboration = "IceCube",
	title = "{A Search for MeV to TeV Neutrinos from Fast Radio Bursts with IceCube}",
	eprint = "1908.09997",
	archivePrefix = "arXiv",
	primaryClass = "astro-ph.HE",
	doi = "10.3847/1538-4357/ab564b",
	journal = "Astrophys. J.",
	volume = "890",
	number = "2",
	pages = "111",
	year = "2020"
}



@ARTICLE{Meszaros17,
	author = {{M{\'e}sz{\'a}ros}, P.},
	title = "{Astrophysical Sources of High-Energy Neutrinos in the IceCube Era}",
	journal = {Annual Review of Nuclear and Particle Science},
	keywords = {Astrophysics - High Energy Astrophysical Phenomena, High Energy Physics - Phenomenology},
	year = 2017,
	month = oct,
	volume = {67},
	pages = {45-67},
	doi = {10.1146/annurev-nucl-101916-123304},
	archivePrefix = {arXiv},
	eprint = {1708.03577},
	primaryClass = {astro-ph.HE},
	adsurl = {https://ui.adsabs.harvard.edu/abs/2017ARNPS..67...45M},
	adsnote = {Provided by the SAO/NASA Astrophysics Data System}
}

@article{Icecube,
	author = "Aartsen, M. G. and others",
	collaboration = "IceCube",
	title = "{Time-Integrated Neutrino Source Searches with 10 Years of IceCube Data}",
	eprint = "1910.08488",
	archivePrefix = "arXiv",
	primaryClass = "astro-ph.HE",
	doi = "10.1103/PhysRevLett.124.051103",
	journal = "Phys. Rev. Lett.",
	volume = "124",
	number = "5",
	pages = "051103",
	year = "2020"
}

